<?xml version="1.0" encoding="UTF-8"?><record xmlns="http://www.loc.gov/MARC21/slim" xmlns:cinclude="http://apache.org/cocoon/include/1.0" xmlns:zs="http://www.loc.gov/zing/srw/">
  <leader>00741cz  a2200193n  4500</leader>
  <controlfield tag="001">no2001082172</controlfield>
  <controlfield tag="003">DLC</controlfield>
  <controlfield tag="005">20130320090250.0</controlfield>
  <controlfield tag="008">011016n| azannaabn          |a aaa     c</controlfield>
  <datafield tag="010" ind1=" " ind2=" ">
    <subfield code="a">no2001082172</subfield>
  </datafield>
  <datafield tag="035" ind1=" " ind2=" ">
    <subfield code="a">(OCoLC)oca05604868</subfield>
  </datafield>
  <datafield tag="040" ind1=" " ind2=" ">
    <subfield code="a">NNC</subfield>
    <subfield code="b">eng</subfield>
    <subfield code="e">rda</subfield>
    <subfield code="c">NNC</subfield>
    <subfield code="d">DLC</subfield>
  </datafield>
  <datafield tag="046" ind1=" " ind2=" ">
    <subfield code="k">1999</subfield>
  </datafield>
  <datafield tag="100" ind1="1" ind2=" ">
    <subfield code="a">Kʺermokʺuė, Mukhʹėmėd.</subfield>
    <subfield code="t">Works.</subfield>
    <subfield code="k">Selections.</subfield>
    <subfield code="f">1999</subfield>
  </datafield>
  <datafield tag="381" ind1=" " ind2=" ">
    <subfield code="a">Selections</subfield>
  </datafield>
  <datafield tag="400" ind1="1" ind2=" ">
    <subfield code="a">Kʺermokʺuė, Mukhʹėmėd.</subfield>
    <subfield code="t">Izbrannye proizvedenii︠a︡.</subfield>
    <subfield code="f">1999</subfield>
  </datafield>
  <datafield tag="400" ind1="1" ind2=" ">
    <subfield code="w">nnea</subfield>
    <subfield code="a">Kʺermokʺuė, Mukhʹėmėd.</subfield>
    <subfield code="t">Selections.</subfield>
    <subfield code="f">1999</subfield>
  </datafield>
  <datafield tag="400" ind1="1" ind2=" ">
    <subfield code="a">Kʺermokʺuė, Mukhʹėmėd.</subfield>
    <subfield code="t">Tkhygʺėkhėr.</subfield>
    <subfield code="f">1999</subfield>
  </datafield>
  <datafield tag="670" ind1=" " ind2=" ">
    <subfield code="a">Kʺermokʺuė, M. Tkhygʺėkhėr, 1999- :</subfield>
    <subfield code="b">v. 1, t.p. (Tkhygʺėkhėr) colophon (Izbrannye proizvedenii︠a︡)</subfield>
  </datafield>
</record>